[gd_scene load_steps=22 format=2]

[ext_resource path="res://common/player/Movement/interpolator.gd" type="Script" id=1]
[ext_resource path="res://Scenes/Main/Player/InputSystem/InputSystem.gd" type="Script" id=2]
[ext_resource path="res://common/player/energy_system.gd" type="Script" id=3]
[ext_resource path="res://common/player/WeaponSystem/WeaponsLoader.gd" type="Script" id=4]
[ext_resource path="res://common/player/Movement/Movements/slide.gd" type="Script" id=5]
[ext_resource path="res://Scenes/Main/Player/Movement/movement_system.gd" type="Script" id=6]
[ext_resource path="res://common/player/Movement/Movements/walk.gd" type="Script" id=7]
[ext_resource path="res://common/player/Movement/Movements/shift.gd" type="Script" id=8]
[ext_resource path="res://common/player/damage_system.gd" type="Script" id=9]
[ext_resource path="res://common/player/Movement/movement_state_machine.gd" type="Script" id=10]
[ext_resource path="res://common/player/Movement/Movements/wall_jump.gd" type="Script" id=11]
[ext_resource path="res://common/player/Movement/Movements/jump.gd" type="Script" id=12]
[ext_resource path="res://common/player/Movement/Movements/dash.gd" type="Script" id=13]
[ext_resource path="res://common/player/Movement/Movements/dodge.gd" type="Script" id=14]
[ext_resource path="res://common/player/Movement/Movements/rotate.gd" type="Script" id=15]
[ext_resource path="res://Scenes/Main/Player/PlayerProcess.gd" type="Script" id=16]

[sub_resource type="CapsuleShape" id=1]
radius = 0.914321
height = 1.0733

[sub_resource type="CapsuleMesh" id=2]

[sub_resource type="SpatialMaterial" id=3]
albedo_color = Color( 0.882353, 0.498039, 0.976471, 1 )

[sub_resource type="CubeMesh" id=4]
size = Vector3( 0.6, 0.6, 0.6 )

[sub_resource type="SpatialMaterial" id=5]
albedo_color = Color( 0.137255, 0.945098, 0.0431373, 1 )

[node name="ClientPlayer" type="KinematicBody"]
script = ExtResource( 16 )
mass = 34.0
energy = NodePath("EnergySystem")
health = NodePath("DamageSystem")
movement = NodePath("MovementSystem")
collision = NodePath("Capsule")
movement_state_machine = NodePath("MovementStateMachine")
mesh = NodePath("Interpolated/Mesh")
input_system = NodePath("InputSystem")
weapon_system = NodePath("Interpolated/WeaponSystem")
head = NodePath("Interpolated/Head")

[node name="Capsule" type="CollisionShape" parent="."]
transform = Transform( 1, 0, 0, 0, -4.37114e-08, -1, 0, 1, -4.37114e-08, 0, 0, 0 )
shape = SubResource( 1 )

[node name="MovementStateMachine" type="Node" parent="."]
script = ExtResource( 10 )
movement = NodePath("../MovementSystem")

[node name="EnergySystem" type="Node" parent="."]
script = ExtResource( 3 )

[node name="MovementSystem" type="Node" parent="."]
script = ExtResource( 6 )
dash = NodePath("Dash")
dodge = NodePath("Dodge")
jump = NodePath("Jump")
rotate = NodePath("Rotate")
shift = NodePath("Shift")
slide = NodePath("Slide")
walk = NodePath("Walk")
wall_jump = NodePath("Wall Jump")

[node name="Dash" type="Node" parent="MovementSystem"]
script = ExtResource( 13 )

[node name="Jump" type="Node" parent="MovementSystem"]
script = ExtResource( 12 )
force = 145.0

[node name="Dodge" type="Node" parent="MovementSystem"]
script = ExtResource( 14 )

[node name="Rotate" type="Node" parent="MovementSystem"]
script = ExtResource( 15 )

[node name="Shift" type="Node" parent="MovementSystem"]
script = ExtResource( 8 )

[node name="Slide" type="Node" parent="MovementSystem"]
script = ExtResource( 5 )

[node name="Walk" type="Node" parent="MovementSystem"]
script = ExtResource( 7 )

[node name="Wall Jump" type="Node" parent="MovementSystem"]
script = ExtResource( 11 )
force = 155.0
jump_angle = 55.0
fall_acceleration = 11.0

[node name="DamageSystem" type="Node" parent="."]
script = ExtResource( 9 )

[node name="InputSystem" type="Node" parent="."]
script = ExtResource( 2 )

[node name="Interpolated" type="Spatial" parent="."]
script = ExtResource( 1 )
target = NodePath("..")

[node name="Mesh" type="MeshInstance" parent="Interpolated"]
transform = Transform( 1, 0, 0, 0, -4.37114e-08, -1, 0, 1, -4.37114e-08, 0, 0, 0 )
mesh = SubResource( 2 )
skeleton = NodePath("")
material/0 = SubResource( 3 )

[node name="Head" type="MeshInstance" parent="Interpolated"]
transform = Transform( 1, 0, 0, 0, 1, 0, 0, 0, 1, 0, 0.778, -0.962 )
mesh = SubResource( 4 )
skeleton = NodePath("")
material/0 = SubResource( 5 )

[node name="RayCast" type="RayCast" parent="Interpolated/Head"]
cast_to = Vector3( 0, 0, -1000 )
collide_with_areas = true
debug_shape_custom_color = Color( 0.945098, 0, 1, 1 )
debug_shape_thickness = 5.0

[node name="WeaponSystem" type="Spatial" parent="Interpolated"]
transform = Transform( 0.707107, 0, 0.707107, 0, 1, 0, -0.707107, 0, 0.707107, 0, 0, 0 )
script = ExtResource( 4 )
input_system = NodePath("../../InputSystem")
